@article{ane-romano-2013,
  author = "Paul K. Romano and Benoit Forget",
  title = "The {OpenMC} {M}onte {C}arlo Particle Transport Code",
  journal = "Ann. Nucl. Energy",
  volume = 51,
  pages = "274--281",
  year = 2013,
  note = "doi:10.1016/j.anucene.2012.06.040",
}

@article{jcp-romano-2013,
  author = "Paul K. Romano and Andrew R. Siegel and Benoit Forget and Kord
                  Smith",
  title = "Data decomposition of {M}onte {C}arlo particle transport simulations
                  via tally servers",
  journal = "J. Comput. Phys.",
  volume = 252,
  pages = "20--36",
  year = 2013,
  note = "doi:10.1016/j.jcp.2013.06.011"
}

@article{jcp-siegel-2012,
  author = "Andrew Siegel and Kord Smith and Paul Fischer and Vijay Mahadevan",
  title = "Analysis of communication costs for domain decomposed {M}onte {C}arlo
                  methods in nuclear reactor analysis",
  journal = "J. Comput. Phys.",
  volume = 231,
  pages = "3119--3125",
  year = 2012,
  note = "doi:10.1016/j.jcp.2011.12.014"
}

@article{jcp-siegel-2013,
  author = "Andrew R. Siegel and Kord Smith and Paul K. Romano and Benoit Forget
                  and Kyle Felker",
  title = "The effect of load imbalances on the performance of {M}onte {C}arlo
                  codes in {LWR} analysis",
  journal = "J. Comput. Phys.",
  volume = 235,
  pages = "901--911",
  year = 2013,
  note = "doi:10.1016/j.jcp.2012.06.012"
}

@inproceedings{mc-hoogenboom-2011,
   author = "J. Eduard Hoogenboom and William R. Martin and Bojan Petrovic",
   title = "The {M}onte {C}arlo Performance Benchmark Test - Aims,
                  Specifications and First Results",
   booktitle = "Int. Conf. Math. Comput. Methods Applied to Nucl. Sci. Eng.",
   address = "Rio de Janeiro, Brazil",
   month = "May 8--12",
   year = 2011
}

@inproceedings{mc-horelik-2013,
  author = "Nicholas Horelik and Bryan Herman and Benoit Forget and Kord Smith",
  title = "Benchmark for Evaluation and Validation of Reactor Simulations
                  ({BEAVRS})",
  booktitle = "Int. Conf. Mathematics and Computational Methods
                  Applied to Nuclear Science and Engineering",
  address = "Sun Valley, Idaho",
  month = "May 5--9",
  year = 2013,
}
